% Encoding: UTF-8

@Article{recommendation-engines,
  author  = {Dataaspirant},
  title   = {An Introduction To Recommendation Engines},
  journal = {dataconomy.com},
  year    = {2015},
  month   = mar,
  url     = {https://dataconomy.com/2015/03/an-introduction-to-recommendation-engines},
}

@Article{steve-jobs,
  author  = {Chunka Mui},
  journal = {forbes.com},
  title   = {Five Dangerous Lessons to Learn From Steve Jobs},
  year    = {2011},
  month   = oct,
  url     = {https://www.forbes.com/sites/chunkamui/2011/10/17/five-dangerous-lessons-to-learn-from-steve-jobs/?sh=7a7ad973a95c},
}

@Article{numpy,
  author = {NumPy community},
  title  = {NumPy v1.19 Manual},
  year   = {2020},
  url    = {https://numpy.org/doc/stable/},
}

@Article{pandas,
  author  = {Karlijn Willems},
  journal = {datacamp.com},
  title   = {Pandas Tutorial: DataFrames in Python},
  year    = {2019},
  month   = jan,
  url     = {https://www.datacamp.com/community/tutorials/pandas-tutorial-dataframe-python},
}

@Article{matplotlib,
  author = {matplotlib development team},
  title  = {Matplotlib: Release 3.3.3},
  year   = {2020},
  url    = {https://matplotlib.org/contents.html},
}

@Article{sk-learn,
  author = {Jason Brownlee},
  title  = {A Gentle Introduction to Scikit-Learn: A Python Machine Learning Library},
  year   = {2014},
  month  = apr,
  url    = {https://machinelearningmastery.com/a-gentle-introduction-to-scikit-learn-a-python-machine-learning-library/},
}

@Article{flask,
  author = {Pallets},
  title  = {Flask Documentation (1.1.x): Release 1.1.2},
  year   = {2020},
  url    = {https://flask.palletsprojects.com/en/1.1.x/},
}

@Article{react-doc,
  author = {Faceboook Inc.},
  title  = {React Documentation},
  year   = {2020},
  url    = {https://reactjs.org/docs/getting-started.html},
}

@Article{react-tutorial,
  author  = {Sai gowtham},
  journal = {reactgo.com},
  title   = {Getting started with Semantic UI React},
  year    = {2019},
}

@Book{ml-alpaydin,
  author    = {Alpaydin, Ethem (OEzyegin University)},
  publisher = {MIT Press Ltd},
  title     = {Introduction to Machine Learning},
  year      = {2020},
  isbn      = {0262043793},
  month     = mar,
  ean       = {9780262043793},
  pagetotal = {712},
  url       = {https://www.ebook.de/de/product/38777620/ethem_oezyegin_university_alpaydin_introduction_to_machine_learning.html},
}

@Article{ml-janardhanan,
  author  = {Janardhanan PS},
  journal = {www.datasciencecentral.com},
  title   = {Human Learning and Machine Learning - How they differ ?},
  year    = {2020},
}

@Article{ml-samuel,
  author    = {A. L. Samuel},
  journal   = {{IBM} Journal of Research and Development},
  title     = {Some studies in machine learning using the game of checkers},
  year      = {2000},
  month     = {jan},
  number    = {1.2},
  pages     = {206--226},
  volume    = {44},
  doi       = {10.1147/rd.441.0206},
  publisher = {{IBM}},
}

@Article{ml-cover,
  author  = {Cover T. M., Hart P. E.},
  journal = {IEEE Trans. Inform. Theory},
  title   = {Nearest Neighbor Pattern Classification},
  year    = {1982},
}

@Article{dm-iberdrola,
  author  = {Iberdrola},
  journal = {www.iberdrola.com},
  title   = {Data Mining: Definition, Examples and Applications},
  url     = {https://www.iberdrola.com/innovation/data-mining-definition-examples-and-applications},
}

@Book{dm-idc,
  author    = {David Reinsel, John Gantz, John Rydning},
  editor    = {IDC},
  publisher = {IDC White Paper},
  title     = {Data Age 2025:The Evolution of Data to Life-Critical},
  year      = {2017},
}

@Book{Salton1983,
  author    = {Salton, Gerard},
  publisher = {McGraw-Hill},
  title     = {Introduction to modern information retrieval},
  year      = {1983},
  address   = {New York},
  isbn      = {9780070544840},
}

@Article{count-vectorizer,
  author  = {Jason Brownlee},
  journal = {machinelearningmastery.com},
  title   = {How to Encode Text Data for Machine Learning with scikit-learn},
  year    = {2017},
}

@Book{Han2017,
  author    = {Han, Jiawei and Kamber, Micheline and Pei, Jian},
  publisher = {Elsevier LTD, Oxford},
  title     = {Data Mining: Concepts and Techniques},
  year      = {2017},
  isbn      = {0123814790},
  month     = aug,
  ean       = {9780123814791},
  url       = {https://www.ebook.de/de/product/14641128/jiawei_han_micheline_kamber_jian_pei_data_mining_concepts_and_techniques.html},
}

@Comment{jabref-meta: databaseType:bibtex;}
